[gd_scene load_steps=6 format=2]

[ext_resource path="res://assets/images/glassPanel_corners.png" type="Texture" id=1]
[ext_resource path="res://assets/images/metalPanel.png" type="Texture" id=2]
[ext_resource path="res://scenes/Slot.gd" type="Script" id=3]
[ext_resource path="res://scenes/Inventory.gd" type="Script" id=4]

[sub_resource type="StyleBoxTexture" id=1]
texture = ExtResource( 2 )
region_rect = Rect2( 0, 0, 100, 100 )

[node name="UI" type="Control"]
margin_left = -0.707092
margin_top = -0.323227
margin_right = 1288.29
margin_bottom = 715.677
__meta__ = {
"_edit_use_anchors_": false
}

[node name="ColorRect" type="ColorRect" parent="."]
margin_left = -0.999992
margin_right = 1283.0
margin_bottom = 723.0
color = Color( 0, 0, 0, 1 )
__meta__ = {
"_edit_use_anchors_": false
}

[node name="NinePatchRect" type="NinePatchRect" parent="."]
margin_left = 307.343
margin_top = 153.707
margin_right = 1005.34
margin_bottom = 523.707
texture = ExtResource( 1 )
patch_margin_left = 16
patch_margin_top = 16
patch_margin_right = 16
patch_margin_bottom = 16
axis_stretch_horizontal = 2
axis_stretch_vertical = 2
__meta__ = {
"_edit_use_anchors_": false
}

[node name="Inventory" type="Node2D" parent="."]
script = ExtResource( 4 )

[node name="GridContainer" type="GridContainer" parent="Inventory"]
margin_left = 645.293
margin_top = 179.177
margin_right = 968.293
margin_bottom = 500.177
columns = 5
__meta__ = {
"_edit_use_anchors_": false
}

[node name="Slot1" type="Panel" parent="Inventory/GridContainer"]
margin_right = 60.0
margin_bottom = 60.0
rect_min_size = Vector2( 60, 60 )
custom_styles/panel = SubResource( 1 )
script = ExtResource( 3 )
__meta__ = {
"_edit_use_anchors_": false
}

[node name="Slot2" type="Panel" parent="Inventory/GridContainer"]
margin_left = 64.0
margin_right = 124.0
margin_bottom = 60.0
rect_min_size = Vector2( 60, 60 )
custom_styles/panel = SubResource( 1 )
script = ExtResource( 3 )
__meta__ = {
"_edit_use_anchors_": false
}

[node name="Slot3" type="Panel" parent="Inventory/GridContainer"]
margin_left = 128.0
margin_right = 188.0
margin_bottom = 60.0
rect_min_size = Vector2( 60, 60 )
custom_styles/panel = SubResource( 1 )
script = ExtResource( 3 )
__meta__ = {
"_edit_use_anchors_": false
}

[node name="Slot4" type="Panel" parent="Inventory/GridContainer"]
margin_left = 192.0
margin_right = 252.0
margin_bottom = 60.0
rect_min_size = Vector2( 60, 60 )
custom_styles/panel = SubResource( 1 )
script = ExtResource( 3 )
__meta__ = {
"_edit_use_anchors_": false
}

[node name="Slot5" type="Panel" parent="Inventory/GridContainer"]
margin_left = 256.0
margin_right = 316.0
margin_bottom = 60.0
rect_min_size = Vector2( 60, 60 )
custom_styles/panel = SubResource( 1 )
script = ExtResource( 3 )
__meta__ = {
"_edit_use_anchors_": false
}

[node name="Slot6" type="Panel" parent="Inventory/GridContainer"]
margin_top = 64.0
margin_right = 60.0
margin_bottom = 124.0
rect_min_size = Vector2( 60, 60 )
custom_styles/panel = SubResource( 1 )
script = ExtResource( 3 )
__meta__ = {
"_edit_use_anchors_": false
}

[node name="Slot7" type="Panel" parent="Inventory/GridContainer"]
margin_left = 64.0
margin_top = 64.0
margin_right = 124.0
margin_bottom = 124.0
rect_min_size = Vector2( 60, 60 )
custom_styles/panel = SubResource( 1 )
script = ExtResource( 3 )
__meta__ = {
"_edit_use_anchors_": false
}

[node name="Slot8" type="Panel" parent="Inventory/GridContainer"]
margin_left = 128.0
margin_top = 64.0
margin_right = 188.0
margin_bottom = 124.0
rect_min_size = Vector2( 60, 60 )
custom_styles/panel = SubResource( 1 )
script = ExtResource( 3 )
__meta__ = {
"_edit_use_anchors_": false
}

[node name="Slot9" type="Panel" parent="Inventory/GridContainer"]
margin_left = 192.0
margin_top = 64.0
margin_right = 252.0
margin_bottom = 124.0
rect_min_size = Vector2( 60, 60 )
custom_styles/panel = SubResource( 1 )
script = ExtResource( 3 )
__meta__ = {
"_edit_use_anchors_": false
}

[node name="Slot10" type="Panel" parent="Inventory/GridContainer"]
margin_left = 256.0
margin_top = 64.0
margin_right = 316.0
margin_bottom = 124.0
rect_min_size = Vector2( 60, 60 )
custom_styles/panel = SubResource( 1 )
script = ExtResource( 3 )
__meta__ = {
"_edit_use_anchors_": false
}

[node name="Slot11" type="Panel" parent="Inventory/GridContainer"]
margin_top = 128.0
margin_right = 60.0
margin_bottom = 188.0
rect_min_size = Vector2( 60, 60 )
custom_styles/panel = SubResource( 1 )
script = ExtResource( 3 )
__meta__ = {
"_edit_use_anchors_": false
}

[node name="Slot12" type="Panel" parent="Inventory/GridContainer"]
margin_left = 64.0
margin_top = 128.0
margin_right = 124.0
margin_bottom = 188.0
rect_min_size = Vector2( 60, 60 )
custom_styles/panel = SubResource( 1 )
script = ExtResource( 3 )
__meta__ = {
"_edit_use_anchors_": false
}

[node name="Slot13" type="Panel" parent="Inventory/GridContainer"]
margin_left = 128.0
margin_top = 128.0
margin_right = 188.0
margin_bottom = 188.0
rect_min_size = Vector2( 60, 60 )
custom_styles/panel = SubResource( 1 )
script = ExtResource( 3 )
__meta__ = {
"_edit_use_anchors_": false
}

[node name="Slot14" type="Panel" parent="Inventory/GridContainer"]
margin_left = 192.0
margin_top = 128.0
margin_right = 252.0
margin_bottom = 188.0
rect_min_size = Vector2( 60, 60 )
custom_styles/panel = SubResource( 1 )
script = ExtResource( 3 )
__meta__ = {
"_edit_use_anchors_": false
}

[node name="Slot15" type="Panel" parent="Inventory/GridContainer"]
margin_left = 256.0
margin_top = 128.0
margin_right = 316.0
margin_bottom = 188.0
rect_min_size = Vector2( 60, 60 )
custom_styles/panel = SubResource( 1 )
script = ExtResource( 3 )
__meta__ = {
"_edit_use_anchors_": false
}

[node name="Slot16" type="Panel" parent="Inventory/GridContainer"]
margin_top = 192.0
margin_right = 60.0
margin_bottom = 252.0
rect_min_size = Vector2( 60, 60 )
custom_styles/panel = SubResource( 1 )
script = ExtResource( 3 )
__meta__ = {
"_edit_use_anchors_": false
}

[node name="Slot17" type="Panel" parent="Inventory/GridContainer"]
margin_left = 64.0
margin_top = 192.0
margin_right = 124.0
margin_bottom = 252.0
rect_min_size = Vector2( 60, 60 )
custom_styles/panel = SubResource( 1 )
script = ExtResource( 3 )
__meta__ = {
"_edit_use_anchors_": false
}

[node name="Slot18" type="Panel" parent="Inventory/GridContainer"]
margin_left = 128.0
margin_top = 192.0
margin_right = 188.0
margin_bottom = 252.0
rect_min_size = Vector2( 60, 60 )
custom_styles/panel = SubResource( 1 )
script = ExtResource( 3 )
__meta__ = {
"_edit_use_anchors_": false
}

[node name="Slot19" type="Panel" parent="Inventory/GridContainer"]
margin_left = 192.0
margin_top = 192.0
margin_right = 252.0
margin_bottom = 252.0
rect_min_size = Vector2( 60, 60 )
custom_styles/panel = SubResource( 1 )
script = ExtResource( 3 )
__meta__ = {
"_edit_use_anchors_": false
}

[node name="Slot20" type="Panel" parent="Inventory/GridContainer"]
margin_left = 256.0
margin_top = 192.0
margin_right = 316.0
margin_bottom = 252.0
rect_min_size = Vector2( 60, 60 )
custom_styles/panel = SubResource( 1 )
script = ExtResource( 3 )
__meta__ = {
"_edit_use_anchors_": false
}

[node name="Slot21" type="Panel" parent="Inventory/GridContainer"]
margin_top = 256.0
margin_right = 60.0
margin_bottom = 316.0
rect_min_size = Vector2( 60, 60 )
custom_styles/panel = SubResource( 1 )
script = ExtResource( 3 )
__meta__ = {
"_edit_use_anchors_": false
}

[node name="Slot22" type="Panel" parent="Inventory/GridContainer"]
margin_left = 64.0
margin_top = 256.0
margin_right = 124.0
margin_bottom = 316.0
rect_min_size = Vector2( 60, 60 )
custom_styles/panel = SubResource( 1 )
script = ExtResource( 3 )
__meta__ = {
"_edit_use_anchors_": false
}

[node name="Slot23" type="Panel" parent="Inventory/GridContainer"]
margin_left = 128.0
margin_top = 256.0
margin_right = 188.0
margin_bottom = 316.0
rect_min_size = Vector2( 60, 60 )
custom_styles/panel = SubResource( 1 )
script = ExtResource( 3 )
__meta__ = {
"_edit_use_anchors_": false
}

[node name="Slot24" type="Panel" parent="Inventory/GridContainer"]
margin_left = 192.0
margin_top = 256.0
margin_right = 252.0
margin_bottom = 316.0
rect_min_size = Vector2( 60, 60 )
custom_styles/panel = SubResource( 1 )
script = ExtResource( 3 )
__meta__ = {
"_edit_use_anchors_": false
}

[node name="Slot25" type="Panel" parent="Inventory/GridContainer"]
margin_left = 256.0
margin_top = 256.0
margin_right = 316.0
margin_bottom = 316.0
rect_min_size = Vector2( 60, 60 )
custom_styles/panel = SubResource( 1 )
script = ExtResource( 3 )
__meta__ = {
"_edit_use_anchors_": false
}

[node name="ItemDescription" type="RichTextLabel" parent="."]
margin_left = 336.5
margin_top = 225.0
margin_right = 618.5
margin_bottom = 392.0
bbcode_enabled = true
__meta__ = {
"_edit_use_anchors_": false
}
